@inproceedings{kadlec2024output,
  title={Output parameters optimization of {Q}-switched {Nd: YAG/V: YAG} microchip laser generating at 1.34 $\mu$m},
  author={Kadlec, Kry{\v{s}}tof and {\v{S}}ulc, Jan and Jel{\'\i}nkov{\'a}, Helena and Nejezchleb, Karel},
  booktitle={Solid State Lasers XXXIII: Technology and Devices},
  volume={12864},
  pages={106--114},
  year={2024},
  organization={SPIE}
}
