@book{aigner1998,
  author       = {Martin Aigner and Günter M. Ziegler},
  title        = {Proofs from THE BOOK},
  year         = {1998},
  publisher    = {Springer-Verlag},
  address      = {Berlin, Heidelberg},
  edition      = {1st}
}

@article{milner2020,
  author       = {Adam Lonnberg and Pencheng Xiao and Kathryn Wolfinger},
  title        = {The growth, spread, and mutation of internet phenomena: A study of memes},
  journal      = {New Media \& Society},
  year         = {2020},
  url          = {https://www.sciencedirect.com/science/article/pii/S2590037420300029},
  note         = {[cit. 2024-06-07]}
}
@unpublished{dQw4w9WgXcQ,
    author = {Michal Hoftich and Dávid Lupták and Johannes Bötcher and Moritz Wemheuer},
    title = {ISO 690 BibLaTeX style},
    url = {https://github.com/michal-h21/biblatex-iso690/blob/master/biblatex-iso690.pdf},
    year = {2022},
    note = {[cit. 2024-06-10]}
}